@incollection{chen2006improved,
  title={Improved parameterized upper bounds for vertex cover},
  author={Chen, Jianer and Kanj, Iyad A and Xia, Ge},
  booktitle={Mathematical Foundations of Computer Science 2006},
  pages={238--249},
  year={2006},
  publisher={Springer}
}

@article{bordewich2005computational,
  title={On the computational complexity of the rooted subtree prune and regraft distance},
  author={Bordewich, Magnus and Semple, Charles},
  journal={Annals of combinatorics},
  volume={8},
  number={4},
  pages={409--423},
  year={2005},
  publisher={Springer}
}

@article{hein1996complexity,
  title={On the complexity of comparing evolutionary trees},
  author={Hein, Jotun and Jiang, Tao and Wang, Lusheng and Zhang, Kaizhong},
  journal={Discrete Applied Mathematics},
  volume={71},
  number={1},
  pages={153--169},
  year={1996},
  publisher={Elsevier}
}

@article{rodrigues2007maximum,
  title={The maximum agreement forest problem: Approximation algorithms and computational experiments},
  author={Rodrigues, Estela M and Sagot, Marie-France and Wakabayashi, Yoshiko},
  journal={Theoretical Computer Science},
  volume={374},
  number={1},
  pages={91--110},
  year={2007},
  publisher={Elsevier}
}

@article{bonet2006approximating,
  title={Approximating subtree distances between phylogenies},
  author={Bonet, Maria Luisa and John, Katherine St and Mahindru, Ruchi and Amenta, Nina},
  journal={Journal of Computational Biology},
  volume={13},
  number={8},
  pages={1419--1434},
  year={2006},
  publisher={Mary Ann Liebert, Inc. 2 Madison Avenue Larchmont, NY 10538 USA}
}

@article{bordewich20083,
  title={A 3-approximation algorithm for the subtree distance between phylogenies},
  author={Bordewich, Magnus and McCartin, Catherine and Semple, Charles},
  journal={Journal of Discrete Algorithms},
  volume={6},
  number={3},
  pages={458--471},
  year={2008},
  publisher={Elsevier}
}

@book{whidden2009unifying,
  title={A unifying view on approximation and FPT of agreement forests},
  author={Whidden, Chris and Zeh, Norbert},
  year={2009},
  publisher={Springer}
}

@article{hallett2007faster,
  title={A faster FPT algorithm for the maximum agreement forest problem},
  author={Hallett, Michael and Mccartin, Catherine},
  journal={Theory of Computing Systems},
  volume={41},
  number={3},
  pages={539--550},
  year={2007},
  publisher={Springer}
}

@article{allen2001subtree,
  title={Subtree transfer operations and their induced metrics on evolutionary trees},
  author={Allen, Benjamin L and Steel, Mike},
  journal={Annals of combinatorics},
  volume={5},
  number={1},
  pages={1--15},
  year={2001},
  publisher={Springer}
}

@article{bonet2010complexity,
  title={On the complexity of uSPR distance},
  author={Bonet, Maria Luisa and St John, Katherine},
  journal={IEEE/ACM Transactions on Computational Biology and Bioinformatics (TCBB)},
  volume={7},
  number={3},
  pages={572--576},
  year={2010},
  publisher={IEEE Computer Society Press}
}

@incollection{whidden2010fast,
  title={Fast FPT algorithms for computing rooted agreement forests: Theory and experiments},
  author={Whidden, Chris and Beiko, Robert G and Zeh, Norbert},
  booktitle={Experimental Algorithms},
  pages={141--153},
  year={2010},
  publisher={Springer}
}

@article{chen2012faster,
  title={Faster exact algorithms for hybridization number and rSPR distance},
  author={Chen, Zhi-Zhong and Wang, Lusheng},
  journal={Submitted for},
  year={2012}
}

@inproceedings{hallett2001efficient,
  title={Efficient algorithms for lateral gene transfer problems},
  author={Hallett, Michael T and Lagergren, Jens},
  booktitle={Proceedings of the fifth annual international conference on Computational biology},
  pages={149--156},
  year={2001},
  organization={ACM}
}

@article{macleod2005deduction,
  title={Deduction of probable events of lateral gene transfer through comparison of phylogenetic trees by recursive consolidation and rearrangement},
  author={MacLeod, Dave and Charlebois, Robert L and Doolittle, Ford and Bapteste, Eric},
  journal={BMC evolutionary biology},
  volume={5},
  number={1},
  pages={27},
  year={2005},
  publisher={BioMed Central Ltd}
}

@incollection{bonet2009efficiently,
  title={Efficiently calculating evolutionary tree measures using SAT},
  author={Bonet, Maria Luisa and John, Katherine St},
  booktitle={Theory and Applications of Satisfiability Testing-SAT 2009},
  pages={4--17},
  year={2009},
  publisher={Springer}
}

@article{wu2009practical,
  title={A practical method for exact computation of subtree prune and regraft distance},
  author={Wu, Yufeng},
  journal={Bioinformatics},
  volume={25},
  number={2},
  pages={190--196},
  year={2009},
  publisher={Oxford Univ Press}
}

@article{whidden2013fixed,
  title={Fixed-parameter algorithms for maximum agreement forests},
  author={Whidden, Chris and Beiko, Robert G and Zeh, Norbert},
  journal={SIAM Journal on Computing},
  volume={42},
  number={4},
  pages={1431--1466},
  year={2013},
  publisher={SIAM}
}

@article{baroni2005bounding,
  title={Bounding the number of hybridisation events for a consistent evolutionary history},
  author={Baroni, Mihaela and Gr{\"u}newald, Stefan and Moulton, Vincent and Semple, Charles},
  journal={Journal of mathematical biology},
  volume={51},
  number={2},
  pages={171--182},
  year={2005},
  publisher={Springer}
}

@article{hickey2008spr,
  title={SPR distance computation for unrooted trees},
  author={Hickey, Glenn and Dehne, Frank and Rau-Chaplin, Andrew and Blouin, Christian},
  journal={Evolutionary bioinformatics online},
  volume={4},
  pages={17},
  year={2008},
  publisher={Libertas Academica}
}











